@book{computer_design,
    author    = "Morris Mano, Charles R. Kime, Tom Martin",
    title     = "Logic and Computer Design Fundamentals",
    publisher = "Pearson",
    edition   = "Fifth",
    year      = "2016",
}

@misc{mit,
    author    = "Chris Terman",
    title     = "MIT course, 6.004 Computation Structures",
    year      = "2019",
}

@misc{cornell,
    author    = "Hunter Adams",
    title     = "Cornell university course, ECE4760 Designing with microcontrollers",
    year      = "2012",
}

@misc{uliege,
    author    = "Fontaine Pascal, Mathy Laurent",
    title     = "University of Li√®ge, INFO0012-2 Computation Structures",
    year      = "2019",
}

